@article{holte,
 year 		= {1993},
 author 	= {Holte, Robert C.},
 title 		= {{``Very Simple Classification Rules Perform Well on Most Commonly Used Datasets''}},
 journal 	= {{Machine Learning}},
 volume 	= {11},
 number 	= {1},
 pages 		= {63--90}
}

@inproceedings{mutagenesis,
 year		= {1994},
 author		= {Srinivasan, Ashwin and Muggleton, Stephen and King, Ross D and Sternberg, Micheal JE},
 title		= {{``Mutagenesis: ILP Experiments in a Non-determinate Biological Domain''}},
 booktitle	= {{Proceedings of the 4th International Workshop on Inductive Logic Programming}},
 volume		= {237},
 pages		= {217--232}
}

@article{Diet97,
 year 		= {1997},
 author 	= {Dietterich, Thomas G. and Lathrop, Richard H. and Lozano-P{\'e}rez, Tom\'{a}s},
 title 		= {{``Solving the Multiple Instance Problem with Axis-parallel Rectangles''}},
 journal 	= {{Artificial Intelligence}},
 volume 	= {89},
 number 	= {1-2},
 pages 		= {31--71}
} 

@inproceedings{MaronRatan1998,
 year 		= {1998},
 author 	= {Oded Maron and Aparna Lakshmi Ratan},
 title 		= {{``Multiple-Instance Learning for Natural Scene Classification''}},
 booktitle 	= {{Proceedings of the Fifteenth International Conference on Machine Learning}},
 pages 		= {1031--1036},
 publisher 	= {Morgan Kaufmann}
}

@inproceedings{Maron98mil,
 year 		= {1998},
 author 	= {Maron, Oded and Lozano-P{\'e}rez, Tom\'{a}s},
 title 		= {{``A Framework for Multiple-Instance Learning''}},
 booktitle 	= {{Proceedings of the 1997 Conference on Advances in Neural Information Processing Systems}},
 pages 		= {570--576},
 publisher 	= {MIT Press}
}

@inproceedings{Maron98scene,
 year 		= {1998},
 author 	= {Maron, Oded and Ratan, Aparna Lakshmi},
 title 		= {{``Multiple-Instance Learning for Natural Scene Classification''}},
 booktitle 	= {{Proceedings of the Fifteenth International Conference on Machine Learning}},
 pages 		= {341--349},
 publisher 	= {Morgan Kaufmann}
}

@inproceedings{blobworld,
 year		= {1999},  
 author		= {Carson, Chad and Thomas, Megan and Belongie, Serge and Hellerstein, Joseph M and Malik, Jitendra},
 title		= {{``Blobworld: A System for Region-based Image Indexing and Retrieval''}},
 booktitle	= {{Visual Information and Information Systems}},
 pages		= {509--517},
 publisher 	= {Springer}
}

@inproceedings{yangPerex,
 year		= {2000},
 author		= {Yang, Cheng and Lozano-Perez, Tomas},
 title		= {{``Image Database Retrieval with Multiple-Instance Learning Techniques''}},
 booktitle	= {{Proceedings of the Sixteenth International Conference on Data Engineering}},
 pages		= {233--243},
 publisher	= {IEEE}
}

@article{friedman,
 year		= {2000},
 author		= {Friedman, Jerome and Hastie, Trevor and Tibshirani, Robert},
 title		= {{``Additive Logistic Regression: a Statistical View of Boosting''}},
 journal	= {{The Annals of Statistics}},
 volume		= {28},
 number		= {2},
 pages		= {337--407}
}

@article{breiman,
 year		= {2001},
 author		= {Breiman, Leo},
 title		= {{``Random Forests''}},
 journal	= {{Machine Learning}},
 volume		= {45},
 number		= {1},
 pages		= {5--32}
}

@inproceedings{Zhang2002,
 year 		= {2002},
 author 	= {Zhang, Qi and Goldman, Sally A. and Yu, Wei and Fritts, Jason},
 title 		= {{``Content-Based Image Retrieval Using Multiple-Instance Learning''}},
 booktitle 	= {{Proceedings of the Nineteenth International Conference on Machine Learning}},
 pages 		= {682--689},
 publisher 	= {Morgan Kaufmann}
}

@inproceedings{Weidmann2003,
 year 		= {2003},
 author 	= {Nils Weidmann and Eibe Frank and Bernhard Pfahringer},
 title 		= {{``A Two-Level Learning Method for Generalized Multi-instance Problems''}},
 booktitle 	= {{Proceedings of the Fourteenth European Conference on Machine Learning}},
 pages 		= {468--479},
 publisher 	= {Springer}
}
 
@inproceedings{relaggs,
 year 		= {2003},
 author 	= {Krogel, Mark-A and Wrobel, Stefan},
 title		= {{``Facets of Aggregation Approaches to Propositionalization''}},
 booktitle	= {{Proceedings of the Work-in-Progress Track at the 13th International Conference on Inductive Logic Programming}},
 pages		= {30--39}
}

@article{trxpaper,
 year		= {2004},
 author		= {Wang, Chang and Scott, Stephen and Zhang, Jun and Tao, Qingping and Fomenko, Dmitri E and Gladyshev, Vadim N},
 title		= {{``A Study in Modeling Low-conservation Protein Superfamilies''}},
 journal	= {{CSE Technical Reports}},
 pages		= {35}
}

@article{SIFT,
 year		= {2004},
 author		= {Lowe, David G},
 title		= {{``Distinctive Image Features from Scale-Invariant Keypoints''}},
 journal	= {{International Journal of Computer Vision},
 volume		= {60},
 number		= {2},
 pages		= {91--110},
 publisher	= {Springer}
}

@misc{sival, 
 title 			= {{SIVAL image repository}}, 
 howpublished 	= "\url{http://accio.cse.wustl.edu/sg-accio/SIVAL.html/}", 
 year 			= {2005},  
 note 			= "accessed 30-July-2012" 
}

@article{Chen2006,
 year 		= {2006},
 author 	= {Chen, Yixin and Bi, Jinbo and Wang, James Z.},
 title 		= {{``MILES: Multiple-Instance Learning via Embedded Instance Selection''}},
 journal 	= {{IEEE Transactions on Pattern Analysis and Machine Intelligence}},
 volume 	= {28},
 number 	= {12},
 pages 		= {1931--1947},
 publisher 	= {IEEE Computer Society}
} 

@article{SURF,
 year		= {2008},
 author		= {Bay, Herbert and Ess, Andreas and Tuytelaars, Tinne and Van Gool, Luc},
 title		= {{``Speeded-up Robust Features (SURF)''}},
 journal	= {{Computer Vision and Image Understanding}},
 volume		= {110},
 number		= {3},
 pages		= {346--359},
 publisher	= {Elsevier}
}

@article{misvm,
 year		= {2002},
 author		= {Andrews, Stuart and Tsochantaridis, Ioannis and Hofmann, Thomas},
 title		= {{``Support Vector Machines for Multiple-Instance Learning''}},
 journal	= {{Advances in Neural Information Processing Systems}},
 volume		= {15},
 pages		= {561--568}
}

@incollection{reltoolbox,
 year		= {2005},
 author		= {Reutemann, Peter and Pfahringer, Bernhard and Frank, Eibe},
 title		= {{``A Toolbox for Learning from Relational Data with Propositional and Multi-Instance Learners''}},
 booktitle	= {{AI 2004: Advances in Artificial Intelligence}},
 volume		= {3339},
 series		= {{Lecture Notes in Computer Science}},
 publisher	= {Springer},
 pages		= {1017-1023}
}

@article{graz02,
 year		= {2006},
 author		= {Opelt, Andreas and Pinz, Axel and Fussenegger, Michael and Auer, Peter},
 title		= {{``Generic Object Recognition with Boosting''}},
 journal	= {{IEEE Transactions on Pattern Analysis and Machine Intelligence}},
 volume		= {28},
 number		= {3},
 pages		= {416--431},
 publisher	= {IEEE}
}

@inproceedings{mayo2007,
 year		= {2007},
 author		= {Mayo, Michael},
 title		= {{``Effective Classifiers for Detecting Objects''}},
 booktitle	= {{Proceedings of the Fourth International Conference on Computational Intelligence, Robotics, and Autonomous Systems}}
}

@incollection{reMiles,
 year		= {2008},
 author		= {Foulds, James and Frank, Eibe},
 title		= {{``Revisiting Multiple-Instance Learning via Embedded Instance Selection''}},
 booktitle	= {{AI 2008: Advances in Artificial Intelligence}},
 pages		= {300--310},
 publisher	= {Springer}
}

@article{weka,
 year		= {2009},
 title		= {{``The WEKA Data Mining Software: an Update''}},
 author		= {Hall, Mark and Frank, Eibe and Holmes, Geoffrey and Pfahringer, Bernhard and Reutemann, Peter and Witten, Ian H},
 journal	= {{ACM SIGKDD Explorations Newsletter}},
 volume		= {11},
 number		= {1},
 pages		= {10--18},
 publisher	= {ACM}
}

@article{mayomvmi,
 year		= {2011},
 author		= {Mayo, Michael and Frank, Eibe},
 title		= {{``Experiments with Multi-View Multi-Instance Learning for Supervised Image Classification''}},
 booktitle 	= {{Proceedings of the 26th International Conference Image and Vision Computing}}
}

@book{visObjRecog,
 year={2011},
 author={Grauman, Kristen and Leibe, Bastian},
 title={{``Visual Object Recognition''}}, 
 volume={11},
 publisher={Morgan \& Claypool Publishers}
}
