@InProceedings{Weidmann2003,
  title =	{{``A Two-Level Learning Method for Generalized Multi-instance Problems''}},
  author =	"Nils Weidmann and Eibe Frank and Bernhard Pfahringer",
  booktitle =	"{Proceedings of the Fourteenth European Conference on Machine Learning}",
  publisher =	"Springer",
  year = 	"2003",
  ISBN = 	"3-540-20121-1",
  pages =	"468--479",
  series = "Cavtat-Dubrovnik, Croatia"
}

@InProceedings{MaronRatan1998,
  title =	{{``Multiple-Instance Learning for Natural Scene Classification''}},
  author =	"Oded Maron and Aparna Lakshmi Ratan",
  booktitle =	"{Proceedings of the Fifteenth International Conference on Machine Learning}",
  publisher =	"Morgan Kaufmann",
  year = 	"1998",
  pages =	"1031--1036",
  series = "Madison, Wisconsin, USA"
}

@article{Diet97,
 author = {Dietterich, Thomas G. and Lathrop, Richard H. and Lozano-P{\'e}rez, Tom\'{a}s},
 title = {{``Solving the multiple instance problem with axis-parallel rectangles''}},
 journal = {Artif. Intell.},
 volume = {89},
 number = {1-2},
 year = {1997},
 issn = {0004-3702},
 pages = {31--71},
 numpages = {41},
 publisher = {Elsevier Science Publishers Ltd.},
 address = {Essex, UK},
 keywords = {drug design, machine learning, structure-activity relationships},
} 

@inproceedings{Maron98mil,
 author = {Maron, Oded and Lozano-P{\'e}rez, Tom\'{a}s},
 title = {{``A framework for multiple-instance learning''}},
 booktitle = {Proceedings of the 1997 conference on Advances in neural information processing systems 10},
 series = {NIPS '97},
 year = {1998},
 isbn = {0-262-10076-2},
 location = {Denver, Colorado, United States},
 pages = {570--576},
 numpages = {7},
 publisher = {MIT Press},
 address = {Cambridge, MA, USA},
} 

@inproceedings{Maron98scene,
 author = {Maron, Oded and Ratan, Aparna Lakshmi},
 title = {{``Multiple-Instance Learning for Natural Scene Classification''}},
 booktitle = {Proceedings of the Fifteenth International Conference on Machine Learning},
 series = {ICML '98},
 year = {1998},
 isbn = {1-55860-556-8},
 pages = {341--349},
 numpages = {9},
 publisher = {Morgan Kaufmann Publishers Inc.},
 address = {San Francisco, CA, USA},
}

@inproceedings{Zhang2002,
 author = {Zhang, Qi and Goldman, Sally A. and Yu, Wei and Fritts, Jason},
 title = {Content-Based Image Retrieval Using Multiple-Instance Learning},
 booktitle = {Proceedings of the Nineteenth International Conference on Machine Learning},
 series = {ICML '02},
 year = {2002},
 isbn = {1-55860-873-7},
 pages = {682--689},
 numpages = {8},
 publisher = {Morgan Kaufmann Publishers Inc.},
 address = {San Francisco, CA, USA},
} 
 
@article{Chen2006,
 author = {Chen, Yixin and Bi, Jinbo and Wang, James Z.},
 title = {MILES: Multiple-Instance Learning via Embedded Instance Selection},
 journal = {IEEE Trans. Pattern Anal. Mach. Intell.},
 volume = {28},
 number = {12},
 year = {2006},
 issn = {0162-8828},
 pages = {1931--1947},
 numpages = {17},
 publisher = {IEEE Computer Society},
 address = {Washington, DC, USA},
 keywords = {1-norm support vector machine, Multiple-instance learning, Multiple-instance learning, feature subset selection, 1-norm support vector machine, image categorization, object recognition, drug activity prediction., drug activity prediction., feature subset selection, image categorization, object recognition},
} 

@misc{sival, 
  title = {{SIVAL image repository}}, 
  howpublished = "\url{http://accio.cse.wustl.edu/sg-accio/SIVAL.html/}", 
  year = {2005},  
  note = "accessed 30-July-2012" 
} 

